@article{glass2006software,
  title={Software testing and industry needs},
  author={Glass, Robert L and Collard, Ross and Bertolino, Antonia and Bach, James and Kaner, Cem},
  journal={IEEE Software},
  volume={23},
  number={4},
  pages={55--57},
  year={2006},
  publisher={IEEE}
}

@InProceedings{Rafi,
author = {Mohammad Rafi, Dudekula and Reddy Kiran Moses, Katam and Petersen, Kai and Mäntylä, Mika},
year = {2012},
month = {06},
pages = {36-42},
title = {Benefits and limitations of automated software testing: Systematic literature review and practitioner survey},
isbn = {978-1-4673-1821-1},
journal = {2012 7th International Workshop on Automation of Software Test, AST 2012 - Proceedings},
doi = {10.1109/IWAST.2012.6228988}
}

@Electronic{Fowler2014,
  Title                    = {Microservices},
  Author                   = {Fowler, Martin, LEWIS, James},
  Url                      = {https://martinfowler.com/articles/microservices.html},
  Year                     = {2014},
  Urlaccessdate            = {20 jul. 2019}
}

@Electronic{cloc,
  Title                    = {Cloc},
  Author                   = {AlDanial},
  Url                      = {https://github.com/AlDanial/cloc},
  Year                     = {2006},
  Urlaccessdate            = {25 jul. 2019}
}

@article{namiot2014micro,
  title={On micro-services architecture},
  author={Namiot, Dmitry and Sneps-Sneppe, Manfred},
  journal={International Journal of Open Information Technologies},
  volume={2},
  number={9},
  pages={24--27},
  year={2014}
}

@book{myers2004art,
  title={The art of software testing},
  author={Myers, Glenford J and Badgett, Tom and Thomas, Todd M and Sandler, Corey},
  volume={2},
  year={2004},
  publisher={Wiley Online Library}
}

@article{thakare2012software,
  title={Software Testing Strategies and Techniques},
  author={Thakare, Sheetal and Chavan, Savita and Chawan, PM},
  journal={International Journal of Emerging Technology and Advanced Engineering},
  year={2012}
}

@inproceedings{tsai2001end,
  title={End-to-end integration testing design},
  author={Tsai, Wei-Tek and Bai, Xiaoying and Paul, Ray and Shao, Weiguang and Agarwal, Vishal},
  booktitle={25th Annual International Computer Software and Applications Conference. COMPSAC 2001},
  pages={166--171},
  year={2001},
  organization={IEEE}
}